
@techreport{abdelfattah2017roadmap,
  author={Abdelfattah, Ahmad and Anzt, Hartwig and Bouteiller, Aurelien and
          Danalis, Anthony and Dongarra, Jack and Gates, Mark and
          Haidar, Azzam and Kurzak, Jakub and Luszczek, Piotr and
          Tomov, Stanimire and Wood, Stephen and Wu, Panruo and
          Yamazaki, Ichitaro and YarKhan, Asim},
  title={{SLATE} Working Note 1: Roadmap for the Development
         of a Linear Algebra Library for Exascale Computing:
         {SLATE}: Software for Linear Algebra Targeting Exascale},
  institution={Innovative Computing Laboratory, University of Tennessee},
  year={2017},
  month={June},
  number={ICL-UT-17-02},
  note={revision 04-2018}
}

@techreport{kurzak2017designing,
  author={Kurzak, Jakub and Wu, Panruo and Gates, Mark and Yamazaki, Ichitaro
          and Luszczek, Piotr and Ragghianti, Gerald and Dongarra, Jack},
  title={{SLATE} Working Note 3: Designing {SLATE}:
         Software for Linear Algebra Targeting Exascale},
  institution={Innovative Computing Laboratory, University of Tennessee},
  year={2017},
  month={September},
  number={ICL-UT-17-06},
  note={revision 09-2017}
}
