% Encoding: UTF-8

@Article{Childs2010,
  author  = {Hank Childs and David Pugmire and Sean Ahern and Brad Whitlock and Mark Howison and Prabhat and Gunther H. Weber and E. Wes Bethel},
  title   = {Extreme Scaling of Production Visualization Software on Diverse Architectures},
  journal = {IEEE Computer Graphics and Applications},
  year    = {2010},
  volume  = {30},
  number  = {3},
  pages   = {22--31},
  month   = {May/June},
  note    = {{DOI}~10.1109/MCG.2010.51},
}

@Article{Ahrens2001,
  author  = {James Ahrens and Kristi Brislawn and Ken Martin and Berk Geveci and C. Charles Law and Michael Papka},
  title   = {Large-Scale Data Visualization Using Parallel Data Streaming},
  journal = {IEEE Computer Graphics and Applications},
  year    = {2001},
  volume  = {21},
  number  = {4},
  pages   = {34--41},
  month   = {July/August},
}

@TechReport{ParaViewTutorial,
  author      = {Kenneth Moreland},
  title       = {The {ParaView} Tutorial, Version 4.4},
  institution = {Sandia National Laboratories},
  year        = {2015},
  number      = {SAND2015-7813 TR},
}

@InProceedings{Moreland2012:Ultravis,
  author    = {Kenneth Moreland},
  title     = {{Oh, \$\#*@! Exascale!} {The} Effect of Emerging Architectures on Scientific Discovery},
  booktitle = {2012 SC Companion (Proceedings of the Ultrascale Visualization Workshop)},
  year      = {2012},
  pages     = {224--231},
  month     = {November},
  note      = {{DOI}~10.1109/SC.Companion.2012.38},
}

@InProceedings{Moreland2013:UltraVis,
  author    = {Kenneth Moreland and Berk Geveci and Kwan-Liu Ma and Robert Maynard},
  title     = {A Classification of Scientific Visualization Algorithms for Massive Threading},
  booktitle = {Proceedings of Ultrascale Visualization Workshop},
  year      = {2013},
  month     = {November},
  doi       = {10.1145/2535571.2535591},
}

Article{Moreland2016:VTKm,
author  = {Kenneth Moreland and Christopher Sewell and William Usher and Li-ta Lo and Jeremy Meredith and David Pugmire and James Kress and Hendrik Schroots and Kwan-Liu Ma and Hank Childs and Matthew Larsen and Chun-Ming Chen and Robert Maynard and Berk Geveci},
title   = {VTK-m: Accelerating the Visualization Toolkit for Massively Threaded Architectures},
journal = {IEEE Computer Graphics and Applications},
year    = {2016},
volume  = {36},
number  = {3},
pages   = {48--58},
month   = {May/June},
note    = {{DOI}~10.1109/MCG.2016.48},
}

@TechReport{VTKmUsersGuide,
  author      = {Kenneth Moreland},
  title       = {The VTK-m User's Guide},
  institution = {Sandia National Laboratories},
  year        = {2018},
  type        = {techreport},
  number      = {SAND 2018-0475 B},
  note        = {\url{http://m.vtk.org/images/c/c8/VTKmUsersGuide.pdf}},
}

@InProceedings{Moreland2015,
  author    = {Kenneth Moreland and Matthew Larsen and Hank Childs},
  title     = {Visualization for Exascale: Portable Performance is Critical},
  booktitle = {Supercomputing Frontiers and Innovations},
  year      = {2015},
  volume    = {2},
  note      = {{DOI} 10.2312/pgv.20141083},
}

@InProceedings{Larsen2015,
  author    = {Matthew Larsen and Jeremy S. Meredith and Paul A. Navr\'{a}til and Hank Childs},
  title     = {Ray Tracing Within a Data Parallel Framework},
  booktitle = {IEEE Pacific Visualization Symposium (PacificVis)},
  year      = {2015},
  month     = apr,
  note      = {{DOI}~10.1109/PACIFICVIS.2015.7156388},
}

@InProceedings{Lo2012,
  author    = {{Li-ta} Lo and Chris Sewell and James Ahrens},
  title     = {{PISTON}: A Portable Cross-Platform Framework for Data-Parallel Visualization Operators},
  booktitle = {Eurographics Symposium on Parallel Graphics and Visualization},
  year      = {2012},
  note      = {{DOI}~10.2312/EGPGV/EGPGV12/011-020},
}

@Book{Blelloch1990,
  title     = {Vector Models for Data-Parallel Computing},
  publisher = {MIT Press},
  year      = {1990},
  author    = {Guy E. Blelloch},
  note      = {{ISBN}~0-262-02313-X},
}

@InProceedings{Meredith2012,
  author    = {Jeremy S. Meredith and Sean Ahern and Dave Pugmire and Robert Sisneros},
  title     = {{EAVL}: The Extreme-scale Analysis and Visualization Library},
  booktitle = {Eurographics Symposium on Parallel Graphics and Visualization (EGPGV)},
  year      = {2012},
  pages     = {21--30},
  note      = {{DOI}~10.2312/EGPGV/EGPGV12/021-030},
}

@InProceedings{Moreland2012:PDAC,
  author    = {Kenneth Moreland and Brad King and Robert Maynard and Kwan-Liu Ma},
  title     = {Flexible Analysis Software for Emerging Architectures},
  booktitle = {2012 SC Companion (Petascale Data Analytics: Challenges and Opportunities)},
  year      = {2012},
  pages     = {821--826},
  month     = {November},
  note      = {{DOI}~10.1109/SC.Companion.2012.115},
}

@InProceedings{Miller2014,
  author    = {Robert Miller and Kenneth Moreland and Kwan-Liu Ma},
  title     = {Finely-Threaded History-Based Topology Computation},
  booktitle = {Eurographics Symposium on Parallel Graphics and Visualization},
  year      = {2014},
  pages     = {41--48},
  note      = {{DOI}~10.2312/pgv.20141083},
}

@Book{TBB,
title     = {Intel Threading Building Blocks: Outfitting {C++} for Multi-core Processor Parallelism},
publisher = {O'Reilly},
year      = {2007},
author    = {James Reinders},
month     = {July},
note      = {{ISBN}~978-0-596-51480-8},
}

@Book{OpenMP,
  title     = {Using {OpenMP}},
  publisher = {MIT Press},
  year      = {2007},
  author    = {Barbara Chapman and Gabriele Jost and Ruud van der Pas},
  note      = {{ISBN}~978-0-262-53302-7},
}

@InProceedings{Lessley2016,
  author    = {Brenton Lessley and Roba Binyahib and Robert Maynard and Hank Childs},
  title     = {External Facelist Calculation with Data-Parallel Primitives},
  booktitle = {Eurographics Symposium on Parallel Graphics and Visualization (EGPGV)},
  year      = {2016},
  month     = jun,
  doi       = {10.2312/pgv.20161178},
}

@InProceedings{Lessley2017,
  author    = {Brenton Lessley and Kenneth Moreland and Matthew Larsen and Hank Childs},
  title     = {Techniques for Data-Parallel Searching for Duplicate Elements},
  booktitle = {IEEE Symposium on Large Data Analysis and Visualization (LDAV)},
  year      = {2017},
  month     = oct,
  doi       = {10.1109/LDAV.2017.8231845},
}

@Comment{jabref-meta: databaseType:bibtex;}

# Put your BibTeX entries in this file.
